<?xml version="1.0" encoding="utf-8"?>
<record xmlns="http://www.loc.gov/MARC21/slim" xmlns:xsi="http://www.w3.org/2001/XMLSchema-instance" xsi:schemaLocation="http://www.loc.gov/MARC21/slim http://www.loc.gov/standards/marcxml/schema/MARC21slim.xsd">
	<leader>     nam a22     Mi 4500</leader>
	<controlfield tag="001">399429</controlfield>
	<controlfield tag="003">NjP</controlfield>
	<controlfield tag="006">m        d        </controlfield>
	<controlfield tag="007">cr cn |||m|||a</controlfield>
	<controlfield tag="008">200430q19801987ir a    ob    001 0 ara d</controlfield>
	<datafield ind1=" " ind2=" " tag="040">
		<subfield code="a">ZYU</subfield>
		<subfield code="b">ara</subfield>
		<subfield code="e">rda</subfield>
		<subfield code="c">ZYU</subfield>
	</datafield>
	<datafield ind1=" " ind2="4" tag="050">
		<subfield code="a">BP194</subfield>
		<subfield code="b">T87 1983</subfield>
	</datafield>
	<datafield ind1="1" ind2=" " tag="100">
		<subfield code="6">880-01</subfield>
		<subfield code="a">Ṭūsī, Muḥammad ibn al-Ḥasan,</subfield>
		<subfield code="d">995-1067?</subfield>
	</datafield>
	<datafield ind1="1" ind2="0" tag="240">
		<subfield code="a">Works.</subfield>
		<subfield code="k">Selections.</subfield>
		<subfield code="f">1980</subfield>
	</datafield>
	<datafield ind1="1" ind2="0" tag="245">
		<subfield code="6">880-02</subfield>
		<subfield code="a">Rasāʼil al-Shaykh al-Ṭūsī.</subfield>
	</datafield>
	<datafield ind1="3" ind2=" " tag="246">
		<subfield code="6">880-03</subfield>
		<subfield code="a">Rasāʼil al-ʻashr</subfield>
	</datafield>
	<datafield ind1=" " ind2=" " tag="260">
		<subfield code="6">880-04</subfield>
		<subfield code="a">Qum :</subfield>
		<subfield code="b">Muʼassasat al-Nashr al-Islāmī al-Tābiʻah li-Jamāʻat al-Mudarrisīn,</subfield>
		<subfield code="c">[198-]</subfield>
	</datafield>
	<datafield ind1=" " ind2=" " tag="300">
		<subfield code="a">online resource (360 pages) :</subfield>
		<subfield code="b">illustrations</subfield>
	</datafield>
	<datafield ind1=" " ind2=" " tag="336">
		<subfield code="a">text</subfield>
		<subfield code="2">rdacontent</subfield>
	</datafield>
	<datafield ind1=" " ind2=" " tag="337">
		<subfield code="a">computer</subfield>
		<subfield code="2">rdamedia</subfield>
	</datafield>
	<datafield ind1=" " ind2=" " tag="338">
		<subfield code="a">online resource</subfield>
		<subfield code="2">rdacarrier</subfield>
	</datafield>
	<datafield ind1=" " ind2=" " tag="500">
		<subfield code="a">Cover title: al-Rasāʼil al-ʻashr.</subfield>
	</datafield>
	<datafield ind1=" " ind2=" " tag="500">
		<subfield code="a">Part of the Arabic Collections Online (ACO) project, contributed by Princeton University Libraries.</subfield>
	</datafield>
	<datafield ind1=" " ind2=" " tag="504">
		<subfield code="a">Includes bibliographical references (pages 60-62).</subfield>
	</datafield>
	<datafield ind1=" " ind2=" " tag="500">
		<subfield code="a">Includes indexes.</subfield>
	</datafield>
	<datafield ind1=" " ind2=" " tag="533">
		<subfield code="a">Electronic reproduction.</subfield>
		<subfield code="b">New York, N.Y. :</subfield>
		<subfield code="c">New York University,</subfield>
		<subfield code="d">2020.</subfield>
		<subfield code="5">NNU</subfield>
	</datafield>
	<datafield ind1=" " ind2="0" tag="650">
		<subfield code="a">Shīʻah</subfield>
		<subfield code="x">Doctrines</subfield>
		<subfield code="v">Early works to 1800.</subfield>
	</datafield>
	<datafield ind1=" " ind2="0" tag="650">
		<subfield code="a">Shīʻah</subfield>
		<subfield code="x">Customs and practices</subfield>
		<subfield code="v">Early works to 1800.</subfield>
	</datafield>
	<datafield ind1=" " ind2="7" tag="650">
		<subfield code="a">Shīʻah</subfield>
		<subfield code="x">Customs and practices.</subfield>
		<subfield code="2">fast</subfield>
		<subfield code="0">(OCoLC)fst01117947</subfield>
	</datafield>
	<datafield ind1=" " ind2="7" tag="650">
		<subfield code="a">Shīʻah</subfield>
		<subfield code="x">Doctrines.</subfield>
		<subfield code="2">fast</subfield>
		<subfield code="0">(OCoLC)fst01117948</subfield>
	</datafield>
	<datafield ind1=" " ind2="7" tag="655">
		<subfield code="a">Early works.</subfield>
		<subfield code="2">fast</subfield>
		<subfield code="0">(OCoLC)fst01411636</subfield>
	</datafield>
	<datafield ind1="2" ind2=" " tag="710">
		<subfield code="a">Princeton University.</subfield>
		<subfield code="b">Library.</subfield>
	</datafield>
	<datafield ind1="0" ind2=" " tag="730">
		<subfield code="a">Arabic Collections Online.</subfield>
	</datafield>
	<datafield ind1="0" ind2="8" tag="776">
		<subfield code="i">Print version:</subfield>
		<subfield code="a">Ṭūsī, Muḥammad ibn al-Ḥasan, 995-1067?</subfield>
		<subfield code="t">Rasāʼil al-Shaykh al-Ṭūsī</subfield>
		<subfield code="w">(NjP)399429</subfield>
		<subfield code="w">(OCoLC)22319933</subfield>
	</datafield>
	<datafield ind1="4" ind2="0" tag="856">
		<subfield code="u">http://hdl.handle.net/2333.1/0vt4bk2g</subfield>
	</datafield>
	<datafield ind1="1" ind2=" " tag="880">
		<subfield code="6">100-01</subfield>
		<subfield code="a">طوسي، محمد بن الحسن،</subfield>
		<subfield code="d">995-1067؟</subfield>
	</datafield>
	<datafield ind1="1" ind2="0" tag="880">
		<subfield code="6">245-02</subfield>
		<subfield code="a">رسائل الشيخ الطوسي.</subfield>
	</datafield>
	<datafield ind1="3" ind2=" " tag="880">
		<subfield code="6">246-03</subfield>
		<subfield code="a">رسائل العشر </subfield>
	</datafield>
	<datafield ind1=" " ind2=" " tag="880">
		<subfield code="6">260-04</subfield>
		<subfield code="a">قم :</subfield>
		<subfield code="b">مؤسسة النشر الاسلامي التابعة لجماعة المدرسين،</subfield>
		<subfield code="c">[198-]</subfield>
	</datafield>
	<datafield ind1=" " ind2=" " tag="959">
		<subfield code="a">NNU</subfield>
		<subfield code="b">WEB</subfield>
		<subfield code="c">GENI</subfield>
		<subfield code="t">0</subfield>
		<subfield code="m">Electronic access</subfield>
		<subfield code="s">01</subfield>
	</datafield>
	<datafield ind1=" " ind2=" " tag="999">
		<subfield code="i">NjP_399429</subfield>
		<subfield code="o">(OCoLC)ocm22319933</subfield>
		<subfield code="s">princeton_aco003573:</subfield>
		<subfield code="e">(ERROR-880)</subfield>
		<subfield code="s">princeton_aco003573:</subfield>
	</datafield>
</record>
